<?xml version='1.0' encoding='utf-8'?>
<record xmlns="http://www.loc.gov/MARC21/slim" xmlns:xsi="http://www.w3.org/2001/XMLSchema-instance" xsi:schemaLocation="http://www.loc.gov/MARC21/slim http://www.loc.gov/standards/marcxml/schema/MARC21slim.xsd">
  <leader>00000nkda 22004331a 4500</leader>
  <controlfield tag="005">20090220115925.0</controlfield>
  <controlfield tag="008">940131i19701974miunnn            kneng d</controlfield>
  <datafield tag="035" ind1=" " ind2=" ">
    <subfield code="a">(RLIN)MIUV92-F323</subfield>
  </datafield>
  <datafield tag="035" ind1=" " ind2=" ">
    <subfield code="a">(OCoLC)ocm35063231</subfield>
  </datafield>
  <datafield tag="040" ind1=" " ind2=" ">
    <subfield code="a">MiU-H</subfield>
    <subfield code="c">MiU-H</subfield>
    <subfield code="e">gihc</subfield>
  </datafield>
  <datafield tag="110" ind1="2" ind2=" ">
    <subfield code="a">International Neighbors.</subfield>
  </datafield>
  <datafield tag="245" ind1="0" ind2="0">
    <subfield code="a">International Neighbors photograph series.</subfield>
  </datafield>
  <datafield tag="260" ind1=" " ind2=" ">
    <subfield code="c">1970-1974.</subfield>
  </datafield>
  <datafield tag="300" ind1=" " ind2=" ">
    <subfield code="a">1 folder.</subfield>
  </datafield>
  <datafield tag="545" ind1=" " ind2=" ">
    <subfield code="a">Ann Arbor, Michigan, women's organization formed to provide friendship and assistance to foreign women visitors to Ann Arbor and the University of Michigan.</subfield>
  </datafield>
  <datafield tag="520" ind1=" " ind2=" ">
    <subfield code="a">Slides of community life and activities in Ann Arbor, Michigan.</subfield>
  </datafield>
  <datafield tag="555" ind1="0" ind2=" ">
    <subfield code="a">Finding aid in the library.</subfield>
  </datafield>
  <datafield tag="555" ind1="0" ind2=" ">
    <subfield code="a">Finding aid available via World Wide Web at URL: http://quod.lib.umich.edu/cgi/f/findaid/findaid-idx?c=bhlead&amp;idno=umich-bhl-85229</subfield>
  </datafield>
  <datafield tag="500" ind1=" " ind2=" ">
    <subfield code="a">Donor: 6081</subfield>
  </datafield>
  <datafield tag="580" ind1=" " ind2=" ">
    <subfield code="a">Forms part of International Neighbors. International Neighbors records.</subfield>
  </datafield>
  <datafield tag="651" ind1=" " ind2="7">
    <subfield code="a">Ann Arbor (Mich.)</subfield>
    <subfield code="x">Chapels.</subfield>
    <subfield code="2">lctgm</subfield>
  </datafield>
  <datafield tag="651" ind1=" " ind2="7">
    <subfield code="a">Ann Arbor (Mich.)</subfield>
    <subfield code="x">Parks.</subfield>
    <subfield code="2">lctgm</subfield>
  </datafield>
  <datafield tag="650" ind1=" " ind2="7">
    <subfield code="a">Chapels</subfield>
    <subfield code="z">Michigan</subfield>
    <subfield code="z">Ann Arbor.</subfield>
    <subfield code="2">lctgm</subfield>
  </datafield>
  <datafield tag="610" ind1="2" ind2="0">
    <subfield code="a">Concordia College (Ann Arbor, Mich.)</subfield>
  </datafield>
  <datafield tag="650" ind1=" " ind2="7">
    <subfield code="a">Ice hockey.</subfield>
    <subfield code="2">lctgm</subfield>
  </datafield>
  <datafield tag="650" ind1=" " ind2="7">
    <subfield code="a">Ice skating.</subfield>
    <subfield code="2">lctgm</subfield>
  </datafield>
  <datafield tag="610" ind1="2" ind2="0">
    <subfield code="a">International Neighbors.</subfield>
  </datafield>
  <datafield tag="650" ind1=" " ind2="7">
    <subfield code="a">Parks</subfield>
    <subfield code="z">Michigan</subfield>
    <subfield code="z">Ann Arbor.</subfield>
    <subfield code="2">lctgm</subfield>
  </datafield>
  <datafield tag="655" ind1=" " ind2="7">
    <subfield code="a">Slides (photographs)</subfield>
    <subfield code="2">aat</subfield>
  </datafield>
  <datafield tag="650" ind1=" " ind2="7">
    <subfield code="a">Winter.</subfield>
    <subfield code="2">lctgm</subfield>
  </datafield>
  <datafield tag="650" ind1=" " ind2="7">
    <subfield code="a">Women.</subfield>
    <subfield code="2">lctgm</subfield>
  </datafield>
  <datafield tag="650" ind1=" " ind2="7">
    <subfield code="a">Women</subfield>
    <subfield code="x">Organizations.</subfield>
    <subfield code="2">lctgm</subfield>
  </datafield>
  <datafield tag="773" ind1="1" ind2=" ">
    <subfield code="a">International Neighbors.</subfield>
    <subfield code="7">c2bc</subfield>
    <subfield code="t">International Neighbors records.</subfield>
    <subfield code="w">(CStRLIN)MIUV85-A229</subfield>
  </datafield>
  <datafield tag="852" ind1=" " ind2=" ">
    <subfield code="a">Bentley Historical Library,</subfield>
    <subfield code="b">University of Michigan,</subfield>
    <subfield code="c">Ann Arbor, Michigan 48109-2113</subfield>
  </datafield>
  <datafield tag="856" ind1="4" ind2="2">
    <subfield code="3">Finding aid:</subfield>
    <subfield code="u">http://quod.lib.umich.edu/cgi/f/findaid/findaid-idx?c=bhlead&amp;idno=umich-bhl-85229</subfield>
  </datafield>
  <datafield tag="998" ind1=" " ind2=" ">
    <subfield code="c">MFM</subfield>
    <subfield code="s">9114</subfield>
  </datafield>
</record>
